<?xml version="1.0" encoding="UTF-8"?><collection xmlns="http://www.loc.gov/MARC21/slim"><record><leader>00426nam--2200133-i-4500</leader><controlfield tag="001">000027220</controlfield><controlfield tag="002">20161230</controlfield><controlfield tag="005">20161230201036</controlfield><controlfield tag="008">060222s1000------------r-----000-0-eng-d</controlfield><datafield ind1=" " ind2=" " tag="100"><subfield code="a">Krog, Uwe</subfield></datafield><datafield ind1=" " ind2=" " tag="245"><subfield code="a">Uber die photo-oxidation von n,n,n</subfield></datafield><datafield ind1=" " ind2=" " tag="260"><subfield code="a">N`-tetramethylbenzidin In Flussigen Losungen.Singulett-sauerstoff Als Mogliches Zwischenprodukt.(Dissertation)</subfield></datafield><datafield ind1=" " ind2=" " tag="490"><subfield code="a">Berlin, Universitat, 1968. 53p</subfield></datafield><datafield ind1=" " ind2=" " tag="852"><subfield code="a">541.144.7</subfield></datafield></record></collection>